@article{yin2017,
  title={A data-driven fuzzy information granulation approach for freight volume forecasting},
  author={Yin, Shen and Jiang, Yuchen and Tian, Yang and Kaynak, Okyay},
  journal={IEEE Transactions on Industrial Electronics},
  volume={64},
  number={2},
  pages={1447--1456},
  year={2017},
  publisher={IEEE}
}

@article{leite2015,
	title={Evolving granular fuzzy model-based control of nonlinear dynamic systems},
	author={Leite, Daniel and Palhares, Reinaldo M and Campos, Victor C S and Gomide, Fernando},
	journal={IEEE Transactions on Fuzzy Systems},
	volume={23},
	number={4},
	pages={923--938},
	year={2015},
	publisher={IEEE}
}

@inproceedings{leite2011,
	title={Fuzzy granular evolving modeling for time series prediction},
	author={Leite, Daniel and Gomide, Fernando and Ballini, Rosangela and Costa, Pyramo},
	booktitle={Fuzzy Systems (FUZZ), 2011 IEEE International Conference on},
	pages={2794--2801},
	year={2011},
	organization={IEEE}
}